@article{bachrach2011range,
  title={RANGE--Robust autonomous navigation in GPS-denied environments},
  author={Bachrach, Abraham and Prentice, Samuel and He, Ruijie and Roy, Nicholas},
  journal={Journal of Field Robotics},
  volume={28},
  number={5},
  pages={644--666},
  year={2011},
  publisher={Wiley Online Library}
}

@inproceedings{cunningham2012large,
  title={Large-scale experimental design for decentralized SLAM},
  author={Cunningham, Alex and Dellaert, Frank},
  booktitle={SPIE Defense, Security, and Sensing},
  pages={83870O--83870O},
  year={2012},
  organization={International Society for Optics and Photonics}
}

@inproceedings{huang2011visual,
  title={Visual odometry and mapping for autonomous flight using an RGB-D camera},
  author={Huang, Albert S and Bachrach, Abraham and Henry, Peter and Krainin, Michael and Maturana, Daniel and Fox, Dieter and Roy, Nicholas},
  booktitle={International Symposium on Robotics Research (ISRR)},
  pages={1--16},
  year={2011}
}

@article{leung2012decentralized,
  title={Decentralized cooperative SLAM for sparsely-communicating robot networks: a centralized-equivalent approach},
  author={Leung, Keith YK and Barfoot, Timothy D and Liu, Hugh HT},
  journal={Journal of Intelligent \& Robotic Systems},
  volume={66},
  number={3},
  pages={321--342},
  year={2012},
  publisher={Springer}
}

@inproceedings{shen2011autonomous,
  title={Autonomous multi-floor indoor navigation with a computationally constrained MAV},
  author={Shen, Shaojie and Michael, Nathan and Kumar, Vijay},
  booktitle={Robotics and automation (ICRA), 2011 IEEE international conference on},
  pages={20--25},
  year={2011},
  organization={IEEE}
}

@inproceedings{soundararaj2009autonomous,
  title={Autonomous indoor helicopter flight using a single onboard camera},
  author={Soundararaj, Sai Prashanth and Sujeeth, Arvind K and Saxena, Ashutosh},
  booktitle={Intelligent Robots and Systems, 2009. IROS 2009. IEEE/RSJ International Conference on},
  pages={5307--5314},
  year={2009},
  organization={IEEE}
}

@inproceedings{rusu2009fast,
  title={Fast point feature histograms (FPFH) for 3D registration},
  author={Rusu, Radu Bogdan and Blodow, Nico and Beetz, Michael},
  booktitle={Robotics and Automation, 2009. ICRA'09. IEEE International Conference on},
  pages={3212--3217},
  year={2009},
  organization={IEEE}
}

@inproceedings{rusu2009fastlabel,
  title={Fast geometric point labeling using conditional random fields},
  author={Rusu, Radu Bogdan and Holzbach, Andreas and Blodow, Nico and Beetz, Michael},
  booktitle={Intelligent Robots and Systems, 2009. IROS 2009. IEEE/RSJ International Conference on},
  pages={7--12},
  year={2009},
  organization={IEEE}
}

@article{bachrach2012estimation,
  title={Estimation, planning, and mapping for autonomous flight using an RGB-D camera in GPS-denied environments},
  author={Bachrach, Abraham and Prentice, Samuel and He, Ruijie and Henry, Peter and Huang, Albert S and Krainin, Michael and Maturana, Daniel and Fox, Dieter and Roy, Nicholas},
  journal={The International Journal of Robotics Research},
  volume={31},
  number={11},
  pages={1320--1343},
  year={2012},
  publisher={Sage Publications}
}

@article{henry2012rgb,
  title={RGB-D mapping: Using Kinect-style depth cameras for dense 3D modeling of indoor environments},
  author={Henry, Peter and Krainin, Michael and Herbst, Evan and Ren, Xiaofeng and Fox, Dieter},
  journal={The International Journal of Robotics Research},
  volume={31},
  number={5},
  pages={647--663},
  year={2012},
  publisher={SAGE Publications}
}

@inproceedings{endres2012evaluation,
  title={An evaluation of the RGB-D SLAM system},
  author={Endres, Felix and Hess, J{\"u}rgen and Engelhard, Nikolas and Sturm, J{\"u}rgen and Cremers, Daniel and Burgard, Wolfram},
  booktitle={Robotics and Automation (ICRA), 2012 IEEE International Conference on},
  pages={1691--1696},
  year={2012},
  organization={IEEE}
}

@inproceedings{walter2004experimental,
  title={An experimental investigation of cooperative SLAM},
  author={Walter, Matthew and Leonard, John},
  booktitle={Proceedings of the Fifth IFAC/EURON Symposium on Intelligent Autonomous Vehicles,(Lisbon, Portugal)},
  year={2004}
}

@article{riazuelo2014c,
  title={C 2 TAM: A Cloud framework for cooperative tracking and mapping},
  author={Riazuelo, Luis and Civera, Javier and Montiel, JMM},
  journal={Robotics and Autonomous Systems},
  volume={62},
  number={4},
  pages={401--413},
  year={2014},
  publisher={Elsevier}
}
